% Encoding: UTF-8
% ---------------------------------------------------------
% ----------------------------- 2011 ----------------------
% ---------------------------------------------------------

@inproceedings{HerreT11_AudioObjects_AES,
  author      = {J{\"u}rgen Herre and Leon Terentiv},
  title       = {Parametric Coding of Audio Objects: Technology, Performance and Opportunities},
  booktitle   = {Proceedings of the Audio Engineering Society Conference (AES)},
  address     = {Ilmenau, Germany},
  year        = {2011},
}

% ---------------------------------------------------------
% ----------------------------- 2009 ----------------------
% ---------------------------------------------------------

@inproceedings {EdlerD09_TimeWarpedDCT,
  author      = {Bernd Edler and Sascha Disch and Stefan Bayer and Ralf Geiger and Guillaume Fuchs},
  title       = {A time-warped MDCT approach to speech transform coding},
  booktitle   = {Proceedings of the Audio Engineering Society Conference (AES)},
  year        = {2009},
  month       = may
}

@inproceedings{MuellerEK09_ChromaFeaturesRobust_ICASSP,
	author      = {Meinard M{\"u}ller and Sebastian Ewert and Sebastian Kreuzer},
	title       = {Making Chroma Features More Robust to Timbre Changes},
	booktitle   = {Proceedings of {IEEE} International Conference on Acoustics, Speech, and Signal Processing ({ICASSP})},
	address     = {Taipei, Taiwan},
	year        = {2009},
	pages       = {1869--1872},	
	pdf         = {publications/2009_MuellerEwertKreuzer_ChromaFeaturesRobust_ICASSP.pdf},	
}

% ---------------------------------------------------------
% ----------------------------- 2007 ----------------------
% ---------------------------------------------------------

@book{Mueller07_InformationRetrieval_SPRINGER,
	author    = {Meinard M{\"u}ller},
	title     = {Information Retrieval for Music and Motion},
	type      = {Monograph},
	year      = {2007},
	isbn      = {3540740473},
	publisher = {Springer Verlag},
}

@phdthesis{Habets07_SpeechDereverberation,
    title     = {Single- and multi-microphone speechdereverberation using spectral enhancement},
    author    = {Emanu\"Ã«l A. P. Habets},
    year      = {2007},
    isbn      = {978-90-386-1544-8},
    publisher = {Eindhoven University Press},
    url = {http://alexandria.tue.nl/extra2/200710970.pdf}
}

@book{Goodfellow-et-al-2016,
    title={Deep {L}earning},
    author={Ian Goodfellow and Yoshua Bengio and Aaron Courville},
    publisher={MIT Press},
    note={\url{http://www.deeplearningbook.org}},
    year={2016}
}

@misc{Mutopia_website,
    authoer   = "{\rm {M}utopia {P}roject}",
    title     = "Music free to download, print out, perform and distribute",
  howpublished= "\url{http://www.mutopiaproject.org}, Retrieved 12.05.2009."
}

@Book{Gockenbach2011,
  author    = {Gockenbach, Mark},
  publisher = {Society for Industrial and Applied Mathematics},
  title     = {Partial differential equations : analytical and numerical methods},
  year      = {2011},
  address   = {Philadelphia},
  isbn      = {9780898719352},
}

@MastersThesis{Karlsson2019,
  author = {Daniel Karlsson and Olle Svanstr\"om},
  school = {Chalmers University of Technology},
  title  = {Modelling {D}ynamical {S}ystems {U}sing {N}eural {O}rdinary {D}ifferential {E}quations},
  year   = {2019},
}

@Article{Yeh2007,
  author = {Yeh, David and Abel, Jonathan and Smith, Julius},
  title  = {Simulation of the {D}iode {L}imiter in {G}uitar {D}istortion {C}ircuits by {N}umerical {S}olution of {O}rdinary {D}ifferential {E}quations},
  year   = {2007},
  month  = {01},
}

@Comment{jabref-meta: databaseType:bibtex;}
